% Encoding: UTF-8
@Book{Example2019,
  author   = {Doe, John and Mustermann, Max},
  title    = {How to use references in \LaTeX},
  year     = {2019},
  language = {eng},
  edition  = {1st ed. 2019.},
  series   = {Practical Approaches},
  isbn     = {1-234-56789-0},
}

@Comment{jabref-meta: databaseType:biblatex;}
